@article{lai2016generate,
  title={How to generate a good word embedding},
  author={Lai, Siwei and Liu, Kang and He, Shizhu and Zhao, Jun},
  journal={IEEE Intelligent Systems},
  volume={31},
  number={6},
  pages={5--14},
  year={2016},
  publisher={IEEE}
}

@inproceedings{luong2013better,
  title={Better word representations with recursive neural networks for morphology},
  author={Luong, Thang and Socher, Richard and Manning, Christopher},
  booktitle={Proceedings of the Seventeenth Conference on Computational Natural Language Learning},
  pages={104--113},
  year={2013}
}

@inproceedings{schnabel2015evaluation,
  title={Evaluation methods for unsupervised word embeddings},
  author={Schnabel, Tobias and Labutov, Igor and Mimno, David and Joachims, Thorsten},
  booktitle={Proceedings of the 2015 Conference on Empirical Methods in Natural Language Processing},
  pages={298--307},
  year={2015}
}