@article{lai2016generate,
  title={How to generate a good word embedding},
  author={Lai, Siwei and Liu, Kang and He, Shizhu and Zhao, Jun},
  journal={IEEE Intelligent Systems},
  volume={31},
  number={6},
  pages={5--14},
  year={2016},
  publisher={IEEE}
}

@inproceedings{luong2013better,
  title={Better word representations with recursive neural networks for morphology},
  author={Luong, Thang and Socher, Richard and Manning, Christopher},
  booktitle={Proceedings of the Seventeenth Conference on Computational Natural Language Learning},
  pages={104--113},
  year={2013}
}

@misc{EBruniMENCollection,
	title={MEN Test Collection},
	url={https://staff.fnwi.uva.nl/e.bruni/MEN},
	author={Elia Bruni},
	urldate={09-04-2018},
	year={2012}
}

@misc{EGabrilovichWScollection,
	title={WordSimilarity-353 Test Collection},	
	url={http://www.cs.technion.ac.il/~gabr/resources/data/wordsim353/},
	author={Evgeniy Gabrilovich},
	urldate={09-04-2018},
	year={2002}
}

@masterthesis{Truong2017Thesis,
	title ={An evaluation of the word mover's distance and the centroid method in the problem of document clustering},
	author={J. Truong},
	year={2017}
}

@inproceedings{mikolov2013distributed,
  title={Distributed representations of words and phrases and their compositionality},
  author={Mikolov, Tomas and Sutskever, Ilya and Chen, Kai and Corrado, Greg S and Dean, Jeff},
  booktitle={Advances in neural information processing systems},
  pages={3111--3119},
  year={2013}
}

@inproceedings{le2014distributed,
  title={Distributed representations of sentences and documents},
  author={Le, Quoc and Mikolov, Tomas},
  booktitle={International Conference on Machine Learning},
  pages={1188--1196},
  year={2014}
}

@inproceedings{mikolov2013linguistic,
  title={Linguistic regularities in continuous space word representations},
  author={Mikolov, Tomas and Yih, Wen-tau and Zweig, Geoffrey},
  booktitle={Proceedings of the 2013 Conference of the North American Chapter of the Association for Computational Linguistics: Human Language Technologies},
  pages={746--751},
  year={2013}
}

@techreport{Karimi2017Deep,
	author={R. Karimi},
	title={Go Deep or Go out},
	institution={Elsevier},
	year={2017}
}

@inproceedings{pennington2014glove,
  title={Glove: Global vectors for word representation},
  author={Pennington, Jeffrey and Socher, Richard and Manning, Christopher},
  booktitle={Proceedings of the 2014 conference on empirical methods in natural language processing (EMNLP)},
  pages={1532--1543},
  year={2014}
}

@article{mikolov2013efficient,
  title={Efficient estimation of word representations in vector space},
  author={Mikolov, Tomas and Chen, Kai and Corrado, Greg and Dean, Jeffrey},
  journal={arXiv preprint arXiv:1301.3781},
  year={2013}
}

@article{dai2015document,
  title={Document embedding with paragraph vectors},
  author={Dai, Andrew M and Olah, Christopher and Le, Quoc V},
  journal={arXiv preprint arXiv:1507.07998},
  year={2015}
}

@article{lau2016empirical,
  title={An empirical evaluation of doc2vec with practical insights into document embedding generation},
  author={Lau, Jey Han and Baldwin, Timothy},
  journal={arXiv preprint arXiv:1607.05368},
  year={2016}
}

@inproceedings{hinton2003stochastic,
  title={Stochastic neighbor embedding},
  author={Hinton, Geoffrey E and Roweis, Sam T},
  booktitle={Advances in neural information processing systems},
  pages={857--864},
  year={2003}
}
